<?xml version="1.0" encoding="UTF-8"?><collection xmlns="http://www.loc.gov/MARC21/slim"><record><leader>00564nam--2200205-u-4500</leader><controlfield tag="001">000051275</controlfield><controlfield tag="002">20161230</controlfield><controlfield tag="005">20161230201049</controlfield><controlfield tag="008">080610s1000------------r-----000-0-eng-d</controlfield><datafield ind1=" " ind2=" " tag="020"><subfield code="a">0-8218-3678-1</subfield></datafield><datafield ind1=" " ind2=" " tag="040"><subfield code="a">IFIN-HH</subfield></datafield><datafield ind1=" " ind2=" " tag="080"><subfield code="a">512.62</subfield></datafield><datafield ind1="1" ind2=" " tag="100"><subfield code="a">Adams, Colin C</subfield></datafield><datafield ind1="1" ind2="0" tag="245"><subfield code="a">The Knot Book. An Elementary Introduction to the Mathematical Theory of Knots</subfield></datafield><datafield ind1=" " ind2=" " tag="260"><subfield code="a">Providence</subfield><subfield code="b">American Mathematical Society</subfield><subfield code="c">2001</subfield></datafield><datafield ind1=" " ind2=" " tag="300"><subfield code="a">306 p</subfield></datafield><datafield ind1=" " ind2="4" tag="650"><subfield code="a">Knot theory</subfield></datafield><datafield ind1="1" ind2=" " tag="700"><subfield code="a">Colin C. Adams</subfield></datafield><datafield ind1=" " ind2=" " tag="852"><subfield code="a">81774</subfield><subfield code="c">513.83</subfield></datafield><datafield ind1=" " ind2=" " tag="CAT"><subfield code="a">Sys</subfield><subfield code="c">20080610</subfield><subfield code="h">100706</subfield></datafield></record></collection>